<?xml version="1.0" encoding="UTF-8"?><record xmlns="http://www.loc.gov/MARC21/slim" xmlns:cinclude="http://apache.org/cocoon/include/1.0" xmlns:zs="http://www.loc.gov/zing/srw/">
  <leader>00454cz  a2200145n  4500</leader>
  <controlfield tag="001">n  86005501 </controlfield>
  <controlfield tag="003">DLC</controlfield>
  <controlfield tag="005">20080430075607.0</controlfield>
  <controlfield tag="008">860923n| acannaabn          |n aaa      </controlfield>
  <datafield tag="010" ind1=" " ind2=" ">
    <subfield code="a">n  86005501 </subfield>
  </datafield>
  <datafield tag="035" ind1=" " ind2=" ">
    <subfield code="a">(OCoLC)oca01704409</subfield>
  </datafield>
  <datafield tag="040" ind1=" " ind2=" ">
    <subfield code="a">DLC</subfield>
    <subfield code="b">eng</subfield>
    <subfield code="c">DLC</subfield>
    <subfield code="d">OCoLC</subfield>
  </datafield>
  <datafield tag="100" ind1="1" ind2=" ">
    <subfield code="a">Siev, Ellen</subfield>
  </datafield>
  <datafield tag="670" ind1=" " ind2=" ">
    <subfield code="a">Her Perceptual and cognitive dysfunction in the adult stroke patient, c1986:</subfield>
    <subfield code="b">t.p. (Ellen Siev, OTR)</subfield>
  </datafield>
  <datafield tag="670" ind1=" " ind2=" ">
    <subfield code="a">LC data base, 9-22-86</subfield>
    <subfield code="b">(hdg.: Siev, Ellen)</subfield>
  </datafield>
</record>